@article{1,
  author        = {A. Duret-Lutz},
  title         = {Manipulating LTL formulas using Spot 1.0},
  journaltitle  = {ATVA},
  year          = {Springer, 2013},
  volume        = {vol. 8172},
  number        = {13},
  pages         = {442-445}
}

@article{2,
  author        = {A. Duret-Lutz and D.Poitrenaud},
  title         = {SPOT: an Extensible Model Checking Library using Transition-based Generalized Büchi Automata},
  journaltitle  = {MASCOTS},
  year          = {2004},
  number        = {04},
  pages         = {76-83},
}

@article{3,
  author        = {T.Babiak, F.Blahoudek, A.Duret-Lutz, J.Klein, J.Kretinskiy, D.Müller, D.Parker and J.Strejcek},
  title         = {The Hanoi Omega-Automata format},
  journaltitle  = {CAV},
  year          = {Springer, 2015},
  volume        = {vol. 9206},
  number        = {15},
  url           = {http://adl.github.io/hoaf/}
}

@article{4,
  author        = {F.Pérez and B.E.Granger},
  title         = {IPython: a system for interactive scientific computing},
  journaltitle  = {Computing in Science and Engineering},
  year          = {21-29, 2007},
  url           = {http://ipython.org/}
}

@article{5,
  author        = {S.Baarir and A.Duret-Lutz},
  title         = {Mechanizing the minimization of deterministic generalized Büchi automata},
  journaltitle  = {FORTE},
  year          = {Springer, 2014}
  volume        = {vol. 8461}
  pages         = {266-283}
}

@article{6,
  author        = {A.E.Ben Salem, A.Duret-Lutz and F.Kordon},
  title         = {Model checking using generalized testing automata},
  journaltitle  = {Transactions on Petri Nets and Other Models of Concurrency (ToPNoC V1)},
  year          = {2012}
  pages         = {94-112}
}

@article{7,
  author        = {A.Duret-Lutz},
  title         = {LTL translation improvements in Spot 1.0},
  journaltitle  = {Int. J. on Critical Computer-Based Systems},
  year          = {2014}
  pages         = {31-54}
}
